<record><leader>00000cas a22000007a 4500</leader><controlfield tag="001">13997001</controlfield><controlfield tag="008">860801u1879uuuutxuwr ne      0    0eng d</controlfield><datafield ind1=" " ind2=" " tag="010"><subfield code="a">sn 86088351 </subfield></datafield><datafield ind1=" " ind2=" " tag="040"><subfield code="a">PPM</subfield><subfield code="b">eng</subfield><subfield code="c">PPM</subfield><subfield code="d">OCLCQ</subfield></datafield><datafield ind1=" " ind2=" " tag="042"><subfield code="a">msc</subfield></datafield><datafield ind1="0" ind2="4" tag="245"><subfield code="a">The Boerne post.</subfield></datafield><datafield ind1=" " ind2=" " tag="260"><subfield code="a">Boerne, Tex. :</subfield><subfield code="b">John Guthrie</subfield></datafield><datafield ind1=" " ind2=" " tag="300"><subfield code="a">v. :</subfield><subfield code="b">ill.</subfield></datafield><datafield ind1=" " ind2=" " tag="310"><subfield code="a">Weekly</subfield></datafield><datafield ind1="1" ind2=" " tag="362"><subfield code="a">Began in 1879?</subfield></datafield><datafield ind1=" " ind2=" " tag="580"><subfield code="a">Merged with: San Antonio critic, to form: Boerne post and San Antonio critic.</subfield></datafield><datafield ind1=" " ind2=" " tag="588"><subfield code="a">Description based on: Vol. 4, no. 20 (Aug. 24, 1893).</subfield></datafield><datafield ind1=" " ind2=" " tag="752"><subfield code="a">United States</subfield><subfield code="b">Texas</subfield><subfield code="c">Kendall</subfield><subfield code="d">Boerne.</subfield></datafield><datafield ind1="1" ind2="7" tag="785"><subfield code="t">San Antonio critic</subfield></datafield><datafield ind1="1" ind2="7" tag="785"><subfield code="t">Boerne post and San Antonio critic</subfield></datafield><datafield ind1="1" ind2=" " tag="029"><subfield code="a">AU@</subfield><subfield code="b">000025834423</subfield></datafield></record>